@article{schuffenhauer_et_al2007,
  author = {Schuffenhauer, Ansgar and Ertl, Peter and Roggo, Silvio and Wetzel, Stefan and Koch, Marcus A. and Waldmann, Herbert},
  title = {The Scaffold Tree - Visualization of the Scaffold Universe by Hierarchical Scaffold Classification},
  journal = {Journal of Chemical Information and Modeling},
  volume = {47},
  number = {1},
  pages = {47-58},
  year = {2007},
  URL = {http://pubs.acs.org/doi/abs/10.1021/ci600338x},
}

@techreport{pg552,
  author = {Bernhard Dick and Thorsten Flügel and Henning Garus and Michael Hesse and Philipp Kopp and Philipp Lewe and Dominic Sacré and Till Schäfer and Thomas Schmitz},
  title = {Endbericht {PG} 552 - {D}rug {H}unting},
  instituation = {Technische Universität Dortmund},
  year = {2011}
}

@techreport{pg504,
  author = {Adalbert Gorecki and Anke Arndt and Arbia Ben Ahmed and Andre Wiesniewski and Cengizhan Yücel and Gebhard Schrader and Henning Wagner and Michael Rex and Nils Kriege and Philipp Büderbender and Sergej Rakov and Vanessa Bembenek},
  title = {Endbericht {PG} 504 - {C}hem{B}io{S}pace{E}xplorer},
  instituation = {Technische Universität Dortmund},
  year = {2007}
}

@ARTICLE{Koch2005,
  author = {Koch, Marcus A. and Schuffenhauer, Ansgar and Scheck, Michael and
	Wetzel, Stefan and Casaulta, Marco and Odermatt, Alex and Ertl, Peter
	and Waldmann, Herbert},
  title = {Charting biologically relevant chemical space: a structural classification
	of natural products (SCONP).},
  journal = {Proceedings of the National Academy of Sciences of the United States
	of America},
  year = {2005},
  volume = {102},
  pages = {17272--17277},
  number = {48},
  month = {November},
  doi = {10.1073/pnas.0503647102},
  issn = {0027-8424},
  keywords = {chemicalspace, cheminformatics},
  priority = {2},
  url = {http://dx.doi.org/10.1073/pnas.0503647102}
}

